@article{Ren:2015ug,
author = {Ren, Shaoqing and He, Kaiming and Girshick, Ross and Sun, Jian},
title = {{Faster R-CNN: Towards Real-Time Object Detection with Region Proposal Networks}},
journal = {papers.nips.cc
},
year = {2015},
pages = {91--99}
}

@misc{IHM,
  author = {I.H. McLean},
  title = {{"Literature Review Matrix"}},
  howpublished = {\url{http://psychologyinc.blogspot.com/}}
}

@misc{SPJ,
  author = {S. Peyton Jones},
  title = {{"Research Skills"}},
  howpublished = {\url{http://research.microsoft.com/en-us/um/people/simonpj/papers/giving-a-talk/giving-a-talk.htm}}
}

@misc{TR,
  author = {T. Roscoe},
  title = {{"Writing Reviews for systems Conferences"}},
  howpublished = {\url{http://people.inf.ethz.ch/troscoe/pubs/review-writing.pdf}}
}

@misc{HS,
  author = {H. Schulzrinne},
  title = {{"Writing Technical Articles"}},
  howpublished = {\url{http://www.cs.columbia.edu/~hgs/etc/writing-style.html}}
}

@misc{GMW,
  author = {G.M. Whitesides},
  title = {{"Whitesides' Group: Writing a Paper"}},
  howpublished = {\url{http://www.ee.ucr.edu/~rlake/Whitesides_writing_res_paper.pdf}}
}
